<?xml version="1.0" encoding="UTF-8"?><collection xmlns="http://www.loc.gov/MARC21/slim"><record><leader>00385nam--2200121-i-4500</leader><controlfield tag="001">000004361</controlfield><controlfield tag="002">20161230</controlfield><controlfield tag="005">20161230201025</controlfield><controlfield tag="008">060222s1000------------r-----000-0-eng-d</controlfield><datafield ind1=" " ind2=" " tag="100"><subfield code="a">Bressler, R</subfield></datafield><datafield ind1=" " ind2=" " tag="245"><subfield code="a">Die warmeubertragung einzelner rohrreihen in quer angestromten rohrbundeln mit kleinen versetzungsverhaltnissen</subfield></datafield><datafield ind1=" " ind2=" " tag="260"><subfield code="a">Munchen, Technische Hochschule, 1956 14 P</subfield></datafield><datafield ind1=" " ind2=" " tag="852"><subfield code="a">13626</subfield></datafield></record></collection>